763 1242
130 82 149 96 ιν
344 78 456 103 Praefatio.

132 124 200 149 quibus
215 130 278 143 meum
293 124 316 143 de
332 124 382 143 recta
397 124 529 143 tradendarum
542 125 677 149 antiquitatum

133 149 206 167 ratione
220 149 311 167 iudicium
328 155 340 167 a
355 149 397 168 viro
413 148 575 173 praestantissimo
593 149 678 172 dissidet,

133 178 181 197 quae
196 173 231 191 hoc
245 173 286 192 loco
302 173 386 198 persequi
401 173 445 191 nolo
460 179 517 197 quum
535 174 576 198 ipsa
588 173 678 192 librorum

134 200 239 216 nostrorum
258 198 371 222 comparatio
389 198 454 222 qualia
471 197 517 215 haec
541 198 580 216 sint
601 197 679 216 cuilibet

134 225 219 245 apertum
238 221 298 240 facere
329 222 380 241 ossit.
413 221 499 240 Ceterum
518 227 629 246 magnopere
648 228 679 240 me

134 251 191 288 worn
200 246 304 264 Hermanni
309 246 364 268 libro,
376 249 417 264 tum
427 246 451 264 iis
476 251 509 264 uos
522 249 566 264 ante
578 251 620 264 eum
628 246 678 265 Guil.

160 270 286 289 achsmuthius
302 274 321 289 et
336 270 450 289 Fricl.'Guil.
479 270 583 288 ittmannus
600 269 623 288 de
638 270 679 288 iure

147 293 209 312 ublico
221 295 335 313 Graecorum
347 294 455 316 ediderunt,
467 294 488 312 in
498 294 533 312 hoc
545 300 587 312 meo
599 294 679 312 conscri-

134 299 195 336 Bendo
208 318 294 337 adiutum
306 325 357 341 esso,
372 319 456 342 ingratus
472 318 508 337 sim
524 319 540 337 si
556 317 678 337 dissimulem,

135 341 252 367 Quamquam
266 349 309 361 vere
322 343 383 361 dicere
395 348 477 367 possum,
490 343 563 360 nullum
575 348 613 360 non
619 342 679 360 locum

134 366 162 384 ita
175 371 187 384 a
198 372 229 385 me
241 369 341 385 tractatum
354 373 402 389 esse,
416 367 471 392 quasi
485 367 506 385 bi
519 366 562 385 libri
574 372 613 384 non
626 370 680 385 exra-

134 393 184 412 rent,
199 396 260 420 neque
274 391 377 416 quidquam
393 396 404 409 a
420 397 451 409 me
463 391 551 415 seriptum
564 396 613 412 esse,
628 390 680 415 quod

134 420 173 432 non
185 418 218 433 aut
230 421 271 440 lpse
282 416 332 434 solus
339 416 460 437 invenissem,
472 418 511 437 aut,
523 415 597 433 etiarnsi
604 414 628 432 ab
635 415 679 433 aliis

135 442 237 463 acceptum,
249 440 296 458 meis
309 443 372 458 tamen
385 440 443 458 oculis
455 439 608 463 pervestigassem
618 444 641 457 ac
648 445 679 457 ve-

134 468 177 481 rum
195 469 236 482 esse
251 465 388 488 comperissem.
416 464 494 482 Interim
511 463 569 481 officii
585 463 623 481 mei
639 469 680 481 esse

134 486 192 509 duxi,
209 490 229 506 ut
245 487 342 506 laudarem
357 494 431 512 quoque
442 488 483 506 loco
496 493 576 512 quorum
588 492 613 505 ex
625 487 679 505 libris

134 514 167 529 aut
180 517 213 535 ego
225 511 344 536 profecissem
356 515 390 530 aut
401 517 429 533 ea,
441 517 489 536 quae
500 511 548 529 mihi
561 517 594 535 pro
605 511 680 529 consilii

133 535 173 553 mei
187 536 261 554 ratione
276 536 356 555 breviter
372 535 501 554 tantummodo
517 534 626 558 attingenda
638 535 679 553 sue-

133 562 183 581 runt,
195 560 269 584 plenius
281 560 366 583 cognosci
391 562 459 579 ossent-
479 559 516 578 Sed
528 565 586 588 quum
598 559 680 583 plurima

133 583 163 603 his
176 585 270 608 proximis
282 585 337 602 annis
349 585 371 602 in
396 590 418 602 oc
430 589 495 607 genere
507 587 576 608 scripta
587 584 631 605 sint,
648 589 680 601 ne-

148 613 228 632 uaquam
234 608 280 627 baec
288 609 351 627 omnia
359 614 370 626 a
382 614 413 627 me
424 608 472 626 lecta
484 614 525 627 esse
537 613 575 626 non
588 610 615 626 est
627 607 679 632 quod

131 613 221 652 iiiffitear,
245 633 271 651 Et
283 633 374 651 nonnulla
386 632 472 657 quidem,
487 637 545 657 quum
557 631 613 650 valde
625 638 647 650 cu
661 638 679 650 e-

134 661 174 674 rem
190 663 307 680 cognoscem,
323 663 362 675 non
377 660 441 675 tamen
457 656 511 681 potui
527 656 619 678 nancisci5
635 657 678 678 aia,

135 685 192 704 quum
208 686 248 699 non
263 681 305 700 sine
321 681 407 700 molestia
422 686 443 698 ac
455 686 496 699 sum
511 680 561 698 tibus
573 685 679 704 comparas-

134 709 180 727 sem,
192 711 244 729 spem
256 710 318 723 meam
331 710 442 729 magnopere
455 704 499 723 sefel
507 707 570 726 erunt;
587 709 634 729 quae
649 710 678 723 res

134 729 234 752 quominus
255 735 297 747 cum
315 729 442 754 poeniteutiae
471 729 538 747 ericulo
555 728 579 747 de
594 728 678 752 pluribus

134 758 169 770 con
183 753 268 771 uirendis
283 753 386 772 laborarem
402 759 432 771 rne
461 753 542 771 eterruit.
567 753 596 771 Ita
608 752 678 770 tactum

134 780 162 795 est
193 777 230 796 aud
246 777 303 796 dubie
318 781 339 796 ut
354 778 446 795 nonnulla
461 777 518 795 etiam
530 777 611 795 melioris
623 779 679 794 notae

134 802 310 825 praetermitterem
326 802 379 826 plura
392 805 454 820 tamen
467 800 559 819 eiusmodi
574 806 614 819 esse
629 800 678 818 arbi-

135 829 182 848 tror,
199 832 247 851 quae
262 826 357 849 ignorasse
371 826 448 850 impune
464 825 494 844 sit.
520 825 541 843 Si
553 824 599 849 quid
614 827 678 843 autern

135 849 169 868 boc
185 850 206 868 in
221 856 287 874 genere
302 850 350 868 libro
366 855 407 868 meo
426 850 486 871 deest,
504 848 526 866 id
541 848 616 867 abunde
631 849 678 867 Her-

134 875 199 892 manni
212 875 276 899 copiae
288 874 373 898 supplere
385 877 477 897 poterunt,
489 873 558 897 quippe
570 873 603 901 qui
613 878 678 891 omnes

133 898 172 916 sere
188 899 245 917 etiam
262 898 376 917 exilissimos
391 898 464 916 libellos
480 900 500 915 et
515 897 627 915 iuvenilium
639 899 679 915 stu—

134 921 208 941 diorum
227 922 331 947 specimina
347 927 491 940 commemorare
509 926 547 939 non
567 920 678 944 dedignatus

133 946 163 964 sit.
188 947 252 965 Unum
264 952 310 971 opus
322 947 376 970 longe
388 945 569 971 praestantissimum
579 944 633 963 doleo
639 950 679 963 non

132 974 177 989 ante
193 971 297 990 absolutam
313 973 332 989 et
348 971 387 988 iam
399 970 449 994 typis
462 969 573 993 descriptam
587 969 678 987 maiorem

131 994 176 1012 libri
188 998 259 1018 partem
272 995 293 1013 in
308 1000 374 1013 manus
387 999 438 1013 meas
444 993 555 1019 pervenisse,
567 993 591 1012 H.
597 993 619 1011 R
628 993 678 1011 Clin-

132 1020 173 1037 toni
185 1019 425 1040 FastorumHellenicorum
438 1021 510 1036 tomum
523 1018 610 1041 primum,
622 1022 678 1041 quem

133 1043 209 1067 quidem
224 1043 245 1061 in
263 1048 285 1061 ea
301 1046 361 1068 parte,
380 1048 428 1067 quae
444 1045 472 1061 est
489 1041 512 1059 de
525 1041 584 1064 gentis
597 1042 679 1060 Graecae

133 1067 231 1092 stirpibus,
246 1073 285 1085 non
302 1068 343 1086 sine
360 1067 486 1085 emolumento
504 1071 592 1090 usurpare
609 1065 679 1089 potuis-

132 1098 176 1111 sem.
201 1092 264 1110 Etiam
277 1092 327 1110 Petri
341 1097 379 1110 van
391 1091 481 1113 Limhurg
493 1090 592 1108 Brouweri
604 1089 678 1110 librum,
